<record><leader>00000cas a22000007a 4500</leader><controlfield tag="001">10810468</controlfield><controlfield tag="008">840606c198u9999oruwr ne      0   a0eng d</controlfield><datafield ind1=" " ind2=" " tag="010"><subfield code="a">sn 84006140 </subfield></datafield><datafield ind1=" " ind2=" " tag="040"><subfield code="a">NSD</subfield><subfield code="b">eng</subfield><subfield code="c">NSD</subfield><subfield code="d">OCLCQ</subfield><subfield code="d">ORU</subfield></datafield><datafield ind1=" " ind2=" " tag="012"><subfield code="m">1</subfield></datafield><datafield ind1="1" ind2=" " tag="022"><subfield code="a">0747-4067</subfield><subfield code="l">0747-4067</subfield><subfield code="2">1</subfield></datafield><datafield ind1=" " ind2=" " tag="032"><subfield code="a">720230</subfield><subfield code="b">USPS</subfield></datafield><datafield ind1=" " ind2=" " tag="037"><subfield code="b">The Enterprise, P.O. Box 21, Boardman, OR 97818-0021</subfield></datafield><datafield ind1=" " ind2=" " tag="042"><subfield code="a">nsdp</subfield></datafield><datafield ind1="0" ind2=" " tag="130"><subfield code="a">Enterprise (Boardman, Or.)</subfield></datafield><datafield ind1=" " ind2="4" tag="222"><subfield code="a">The Enterprise</subfield><subfield code="b">(Boardman, Or.)</subfield></datafield><datafield ind1="1" ind2="4" tag="245"><subfield code="a">The enterprise.</subfield></datafield><datafield ind1=" " ind2=" " tag="260"><subfield code="a">Boardman, OR :</subfield><subfield code="b">The Enterprise</subfield></datafield><datafield ind1=" " ind2=" " tag="310"><subfield code="a">Weekly</subfield></datafield><datafield ind1=" " ind2=" " tag="530"><subfield code="a">Also available online.</subfield></datafield><datafield ind1=" " ind2=" " tag="588"><subfield code="a">Description based on: Vol. 2, no. 50 (Thursday, Apr. 12, 1984).</subfield></datafield><datafield ind1=" " ind2=" " tag="752"><subfield code="a">United States</subfield><subfield code="b">Oregon</subfield><subfield code="c">Morrow</subfield><subfield code="d">Boardman.</subfield></datafield><datafield ind1="4" ind2="1" tag="856"><subfield code="u">http://news.google.com/newspapers?nid=QYmifXMdJWgC</subfield><subfield code="z">Google News Archive</subfield></datafield><datafield ind1="4" ind2="1" tag="856"><subfield code="u">http://www.fold3.com/image/53308202/</subfield><subfield code="z">Fold3</subfield></datafield><datafield ind1="4" ind2="1" tag="856"><subfield code="u">http://news.google.com/newspapers?nid=VBDT71xRUdcC</subfield><subfield code="z">Google News Archive</subfield></datafield><datafield ind1=" " ind2=" " tag="936"><subfield code="a">Apr. 12, 1984</subfield></datafield></record>